@misc{registry-static,
  title = {registry-static},
  author = {davglass},
  howpublished = {\url{https://www.npmjs.com/package/registry-static}},
  month = {January},
  year = 2017
}

@misc{frontrunning,
  author = {ICANN Security and Stability Advisory Committee},
  title = {Advisory on Domain Name Front Running},  
  year = {2007},
  month = {October},
  howpublished = {\url{https://www.icann.org/en/system/files/files/sac-022-en.pdf}}
}

@misc{thandy,
  author = {Nick Mathewson},
  title = {Thandy: Secure Update for Tor},  
  month = {March},
  year = {2009},
  publisher = {Google},
  journal = {Google Open Source Blog},
  howpublished = {\url{https://opensource.googleblog.com/2009/03/thandy-secure-update-for-tor.html}}
}

@inproceedings{cappos2008look,
  title={A look in the mirror: Attacks on package managers},
  author={Cappos, Justin and Samuel, Justin and Baker, Scott and Hartman, John H},
  booktitle={CCS},
  month={October},
  year={2008},
  organization={ACM}
}

@inproceedings{pbfts,
  title={Practical Byzantine fault tolerance},
  author={Castro, Miguel and Liskov, Barbara and others},
  booktitle={OSDI},
  month={February},
  year={1999}
}

@inproceedings{dangerous,
  title={The Most Dangerous Code in the World: Validating SSL Certificates in Non-Browser Software},
  author={Georgiev et al},
  booktitle={CCS},
  month={October},
  year={2012}
}

% stellar core
@misc{core,
  author = {stellar},
  title = {stellar-core},  
  month = {January},
  year = {2017},
  publisher = {GitHub},
  journal = {GitHub repository},
  howpublished = {\url{https://github.com/stellar/stellar-core}}
}

% stellar
@misc{stellar,
  title={The stellar consensus protocol: A federated model for internet-level consensus},
  author={Mazieres, David},
  journal={Stellar Development Foundation},
  month={February},
  year={2016},
  howpublished={https://www.stellar.org/papers/stellar-consensus-protocol.pdf}
}
% keybase
@misc{keybase,
  title = {What Keybase is Really Doing},
  author = {Keybase},
  year=2017,
  month={January},
  howpublished = {\url{https://keybase.io/docs/server_security}}
}

% npm v2 deps
@misc{npm2deps,
  title = {npm v2 Dependency Resolution},
  author = {npm},
  howpublished = {\url{https://docs.npmjs.com/how-npm-works/npm2}},
  month={December},
  year=2015 
}

% npm v3 deps
@misc{npm3deps,
  title = {npm v3 Dependency Resolution},
  author = {npm},
  howpublished = {\url{https://docs.npmjs.com/how-npm-works/npm3}},
  month={December},
  year=2015 
}

% wtf license that dan uses
@misc{wtfpl,
  title = {About the WTFPL},
  author = {Sam Hocevar},
  howpublished = {\url{http://www.wtfpl.net/about/}}
}

% travis
@misc{travis,
  title = {Teamwork makes {Travis CI} possible},
  author = {{Travis CI}},
  month = {January},
  year = 2017,
  howpublished = {\url{https://travis-ci.com/about}}
}

% code injection npm node make sure this is right 
@techreport{staicu2016understanding,
  title={Understanding and Automatically Preventing Injection Attacks on NODE. JS},
  author={Staicu, Cristian-Alexandru and Pradel, Michael and Livshits, Benjamin},
  year={2016},
  institution = {TU Darmstadt, Department of Computer Science},
  number ={TUD-CS-2016-14663},
  month = {November},
}

% npms shitty response to shrinkwrap
@misc{shrink-response,
  title = {Avoid HTTP URLs in shrinkwrap files},
  author = {Seldo},
  howpublished = {\url{http://blog.npmjs.org/post/154400916805/avoid-http-urls-in-shrinkwrap-files}},
  month={December},
  year=2016
}

% http shrinkwrap lol change link
@misc{shrink,
  title = {npm shrinkwrap allows remote code execution},
  author = {Deian Stefan},
  howpublished = {\url{https://hackernoon.com/npm-shrinkwrap-allows-remote-code-execution-63e6e0a566a7#.e7an55fo2}} ,
  month={December},
  year=2016
}

% authentication tokens for npm
@misc{auth-toks,
  title = {Authentication Tokens},
  author = {NPM},
  howpublished = {\url{https://www.npmjs.com/settings/tokens}}
}

% wsj yahoo backdoor 
@misc{yahoo-backdoor,
  title={{Yahoo} helps the government read your emails. Just following orders, they say.},
  author={Sullivan, Margaret},
  month={October},
  year= {2016},
  howpublished = {\url{https://www.washingtonpost.com/lifestyle/style/yahoo-helps-the-government-read-your-emails-just-following-orders-they-say/2016/10/05/05648894-8b01-11e6-875e-2c1bfe943b66_story.html}}
}

% dresscode 
@misc{googleplay-dresscode,
   author =       {Menczer, Alon and Lysunets, Alexander},
   title =        {{DressCode Android Malware Discovered on Google Play}},
   month =        {August},
   year =         {2016},
   howpublished = {\url{http://blog.checkpoint.com/2016/08/31/dresscode-android-malware-discovered-on-google-play}}
}

% rooting apps 
@misc{googleplay-root,
   author =       {Goodin, Dan},
   title =        {{“Godless” apps, some found in Google Play, can root 90% of Android phones}},
   month =        {June},
   year =         {2016},
   howpublished = {\url{http://arstechnica.com/security/2016/06/godless-apps-some-found-in-google-play-root-90-of-android-phones/}}
}

% spyware google play
@misc{googleplay-spy,
   author =       {Evans, Steve},
   title =        {{Data-Stealing Malicious Apps Found in Google Play Store}},
   month =        {September},
   year =         {2016},
   howpublished = {\url{https://www.infosecurity-magazine.com/news/malicious-apps-found-in-google}}
}

% crates
@misc{crates,
  title = {The Rust community’s crate host},
  howpublished = {\url{https://crates.io/}}
}

% yarn
@misc{yarn,
  title = {yarn},
  howpublished = {\url{https://yarnpkg.com}}
}

% npm
@misc{npm,
  title = {npm},
  howpublished = {\url{https://www.npmjs.com}}
}

% rubygems
@misc{rubygems,
  title = {RubyGems},
  howpublished = {\url{https://rubygems.org/}}
}

% rubygems github issue 
@misc{github-rubygems,
  title = {{Add safe\_load \#119}},
  author = {postmodern},
  howpublished = {\url{https://github.com/ruby/psych/issues/119#issuecomment-12875715}},
  month = {January},
  year = 2013
}

% found malicious apps in wild 
@inproceedings{zhou2012hey,
  title={Hey, You, Get Off of My Market: Detecting Malicious Apps in Official and Alternative Android Markets.},
  author={Zhou, Yajin and Wang, Zhi and Zhou, Wu and Jiang, Xuxian},
  booktitle={NDSS},
  month={February},
  year={2012}
}

% found maliciou extensions
@inproceedings{kapravelos2014hulk,
  title={Hulk: Eliciting malicious behavior in browser extensions},
  author={Kapravelos, Alexandros and Grier, Chris and Chachra, Neha and Kruegel, Christopher and Vigna, Giovanni and Paxson, Vern},
  booktitle={USENIX Security},
  month={August},
  year={2014}
}

% threat analysis of chrome
@inproceedings{liu2012chrome,
  title={Chrome Extensions: Threat Analysis and Countermeasures.},
  author={Liu, Lei and Zhang, Xinwen and Yan, Guanhua and Chen, Songqing},
  booktitle={NDSS},
  year={2012}
}

% selling popular chrome extensions to bad people
@misc{chrome-sale,
   author =       {Constantin, Lucien},
   title =        {Spammers buy {C}hrome extensions and turn them into adware},
   month =        {January},
   year =         {2014},
   howpublished = {\url{http://www.pcworld.com/article/2089580/spammers-buy-chrome-extensions-and-turn-them-into-adware.html}}
}

% walmart 
@misc{walmart,
  title = {Walmart},
  author = {Walmart},
  year = {2017},
  howpublished = {\url{https://www.walmart.com}}
}

% rimrafall npm malware
@misc{rimrafall,
  title = {A Malicious Module on npm},
  author = {Baldwin, Adam},
  howpublished = {\url{https://blog.liftsecurity.io/2015/01/27/a-malicious-module-on-npm}}
}

% the worm
@misc{npm-package-install,
  title = {Package install scripts vulnerability},
  author = {NPM},
  howpublished = {\url{http://blog.npmjs.org/post/141702881055/package-install-scripts-vulnerability}},
  month = {March},
  year = 2016
}

% NPM registry compromise
@misc{npm-reg-comp,
  title = {Newly Paranoid Maintainers},
  author = {NPM},
  howpublished = {\url{http://blog.npmjs.org/post/80277229932/newly-paranoid-maintainers}},
  month = {March},
  year = 2014
}

% npm leftpad 
@misc{leftpad,
  title = {kik, left-pad, and npm},
  author = {NPM},
  howpublished = {\url{http://blog.npmjs.org/post/141577284765/kik-left-pad-and-npm}},
  month = {March},
  year = 2016
}

% NPM registry https
@misc{npm-https,
  title = {npm registry is now fully {HTTPS!}},
  author = {NPM},
  howpublished = {\url{http://blog.npmjs.org/post/142077474335/npm-registry-is-now-fully-https}},
  month = {April},
  year = 2016
}

% rubygems registry compromise
@misc{rubygems-reg-comp,
  title = {Data Verification},
  author = {Evan},
  howpublished = {\url{http://blog.rubygems.org/2013/01/31/data-verification.html}},
  month = {January},
  year = 2013
}

@misc{gem-update,
  title = {RubyGems.org gem replacement vulnerability and mitigation},
  author = {Radcliffe, David},
  howpublished = {\url{http://blog.rubygems.org/2016/04/06/gem-replacement-vulnerability-and-mitigation.html}}
}

% rubygems package signing
@misc{rubygems-sign,
  title = {Security Practices},
  author = {RubyGems},
  howpublished = {\url{http://guides.rubygems.org/security}}
}

% PyPi
@misc{pypi,
  title = {{PyPI} - the {P}ython Package Index},
  author = {{Python Software Foundation}},
  year=2017,
  month={January},
  howpublished = {\url{https://pypi.python.org/pypi}}
}


% Maven 
@misc{maven,
  title = {Maven},
  author = {Apache Maven Project},
  howpublished = {\url{https://maven.apache.org/index.html}}
}

% 

@incollection{dolstra:integrating,
  title={Integrating software construction and software deployment},
  author={Dolstra, Eelco},
  booktitle={Software Configuration Management},
  pages={102--117},
  year={2003},
  publisher={Springer}
}

@inproceedings{cappos:look,
  title={A look in the mirror: Attacks on package managers},
  author={Cappos, Justin and Samuel, Justin and Baker, Scott and Hartman, John H},
  booktitle={CCS},
  year={2008},
  organization={ACM}
}

@article{samuel:cappos:login,
  title={package managers still vulnerable: how to protect your systems},
  author={Justin Samuel and Justin Cappos},
  booktitle={;login},
  month={February},
  year= {2009},
  organization={{USENIX}}

}

@inproceedings{kuppusamy2016diplomat,
  title={Diplomat: Using delegations to protect community repositories},
  author={Kuppusamy, Trishank Karthik and Torres-Arias, Santiago and Diaz, Vladimir and Cappos, Justin},
  booktitle={NSDI},
  month={March},
  year={2016}
}

@misc{leftpad-fail,
  title = {How one developer just broke {N}ode, Babel and thousands of projects in 11 lines of {JavaScript}},
  author = {Chris Williams},
  publisher = {The Register},
  howpublished = {\url{http://www.theregister.co.uk/2016/03/23/npm_left_pad_chaos/}}
}

% TUF
@inproceedings{samuel2010survivable,
  title={Survivable key compromise in software update systems},
  author={Samuel, Justin and Mathewson, Nick and Cappos, Justin and Dingledine, Roger},
  booktitle={CCS},
  month={October},
  year={2010},
  organization={ACM}
}

@misc{tschacher2016typosquat,
  title = {How a college student tricked 17k coders into running his sketchy script},
  author = {Dan Goodin},
  publisher = {Ars Technica},
  howpublished = {\url{https://arstechnica.com/security/2016/06/college-student-schools-govs-and-mils-on-perils-of-arbitrary-code-execution/}}
}

@misc{hackathon-starter,
  title={Hackathon Starter - a kickstarter for nodejs web applications},
  author = {Sahat Yalkabov},
  month = {January},
  year = {2017},
  howpublished = {\url{https://github.com/sahat/hackathon-starter}}
}

@inproceedings{openbsd,
  title={signify: Securing {OpenBSD} From Us To You},
  author = {Ted Unangst},
  booktitle={{BSDCan}},
  year = 2015,
  howpublished = {\url{https://www.openbsd.org/papers/bsdcan-signify.html}}
}

@misc{trumptweet,
  author = {Donald J. Trump},
  howpublished = {\url{https://twitter.com/realdonaldtrump/status/392990408843984897}},
  month={October},
  year =2013
}
